<record><leader>00000cas a2200000 a 4500</leader><controlfield tag="001">9665848</controlfield><controlfield tag="008">830701u1872uuuuiluer ne      0   b0dan c</controlfield><datafield ind1=" " ind2=" " tag="010"><subfield code="a">sn 83045751 </subfield></datafield><datafield ind1=" " ind2=" " tag="040"><subfield code="a">CRL</subfield><subfield code="b">eng</subfield><subfield code="c">CRL</subfield><subfield code="d">DLC</subfield><subfield code="d">NPX</subfield><subfield code="d">NSD</subfield><subfield code="d">OCL</subfield><subfield code="d">MQN</subfield><subfield code="d">NVF</subfield><subfield code="d">OCL</subfield><subfield code="d">DLC</subfield><subfield code="d">CRL</subfield><subfield code="d">DLC</subfield><subfield code="d">OCLCQ</subfield><subfield code="d">OCLCF</subfield><subfield code="d">OCLCO</subfield><subfield code="d">OCLCQ</subfield></datafield><datafield ind1=" " ind2=" " tag="019"><subfield code="a">9140592</subfield><subfield code="a">10554655</subfield><subfield code="a">34295975</subfield></datafield><datafield ind1="1" ind2=" " tag="022"><subfield code="a">0747-3869</subfield><subfield code="l">0747-3869</subfield><subfield code="2">1</subfield></datafield><datafield ind1=" " ind2=" " tag="032"><subfield code="a">153540</subfield><subfield code="b">USPS</subfield></datafield><datafield ind1=" " ind2=" " tag="037"><subfield code="b">Bertelsen Publishing Co., 1582 Glen Lake Road, Hoffman Estates, IL 60195</subfield></datafield><datafield ind1="0" ind2=" " tag="041"><subfield code="a">dan</subfield><subfield code="a">eng</subfield></datafield><datafield ind1=" " ind2=" " tag="042"><subfield code="a">pcc</subfield><subfield code="a">nsdp</subfield></datafield><datafield ind1=" " ind2=" " tag="043"><subfield code="a">n-usc--</subfield><subfield code="a">n-us-nb</subfield><subfield code="a">n-us-il</subfield></datafield><datafield ind1="0" ind2="0" tag="050"><subfield code="a">Newspaper</subfield></datafield><datafield ind1=" " ind2="4" tag="222"><subfield code="a">Den Danske pioneer</subfield></datafield><datafield ind1="0" ind2="4" tag="245"><subfield code="a">Den Danske pioneer.</subfield></datafield><datafield ind1="1" ind2="3" tag="246"><subfield code="a">Danish pioneer</subfield><subfield code="f">&lt;Oct. 17, 1895&gt;-Feb. 1, 1900</subfield></datafield><datafield ind1=" " ind2=" " tag="260"><subfield code="a">Omaha, Neb. :</subfield><subfield code="b">M. Hansen</subfield></datafield><datafield ind1=" " ind2=" " tag="300"><subfield code="a">volumes ;</subfield><subfield code="c">61-65 cm</subfield></datafield><datafield ind1=" " ind2=" " tag="310"><subfield code="a">Biweekly,</subfield><subfield code="b">Dec. 27, 1956-</subfield></datafield><datafield ind1=" " ind2=" " tag="321"><subfield code="a">Weekly,</subfield><subfield code="b">&lt;Aug. 3, 1876&gt;-Dec. 13, 1956</subfield></datafield><datafield ind1=" " ind2=" " tag="336"><subfield code="a">text</subfield><subfield code="b">txt</subfield><subfield code="2">rdacontent</subfield></datafield><datafield ind1=" " ind2=" " tag="337"><subfield code="a">unmediated</subfield><subfield code="b">n</subfield><subfield code="2">rdamedia</subfield></datafield><datafield ind1=" " ind2=" " tag="338"><subfield code="a">volume</subfield><subfield code="b">nc</subfield><subfield code="2">rdacarrier</subfield></datafield><datafield ind1="1" ind2=" " tag="362"><subfield code="a">Began Aug. 1, 1872.</subfield></datafield><datafield ind1=" " ind2=" " tag="500"><subfield code="a">Published: Omaha, Neb., &lt;1872&gt;-July 10, 1958; Elmwood Park, Ill., Oct. 16, 1958-June 11, 1984; Hoffman Estates, Ill., June 25, 1984-</subfield></datafield><datafield ind1=" " ind2=" " tag="500"><subfield code="a">A Danish-American weekly.</subfield></datafield><datafield ind1=" " ind2=" " tag="515"><subfield code="a">Suspended Dec. 29, 1955-Jan. 12, 1956, and July 24-Oct. 2, 1958.</subfield></datafield><datafield ind1=" " ind2=" " tag="530"><subfield code="a">Available on microfilm from the State Historical Society of Wisconsin, and the Library of Congress, Photoduplication Service.</subfield></datafield><datafield ind1=" " ind2=" " tag="546"><subfield code="a">In Danish and English.</subfield></datafield><datafield ind1=" " ind2=" " tag="588"><subfield code="a">Description based on: A&#778;rg. 5, no. 31 (3 aug. 1876).</subfield></datafield><datafield ind1=" " ind2=" " tag="588"><subfield code="a">Latest issue consulted: 121. aarg., nr. 26 (20 dec. 1993).</subfield></datafield><datafield ind1=" " ind2="0" tag="650"><subfield code="a">Danish Americans</subfield><subfield code="z">Middle West</subfield><subfield code="v">Newspapers.</subfield></datafield><datafield ind1=" " ind2="0" tag="651"><subfield code="a">Omaha (Neb.)</subfield><subfield code="v">Newspapers.</subfield></datafield><datafield ind1=" " ind2="0" tag="651"><subfield code="a">Elmwood Park (Ill.)</subfield><subfield code="v">Newspapers.</subfield></datafield><datafield ind1=" " ind2="0" tag="651"><subfield code="a">Hoffman Estates (Ill.)</subfield><subfield code="v">Newspapers.</subfield></datafield><datafield ind1=" " ind2="7" tag="650"><subfield code="a">Danish Americans.</subfield><subfield code="2">fast</subfield><subfield code="0">(OCoLC)fst00887668</subfield></datafield><datafield ind1=" " ind2="7" tag="651"><subfield code="a">Illinois</subfield><subfield code="z">Elmwood Park.</subfield><subfield code="2">fast</subfield><subfield code="0">(OCoLC)fst01226527</subfield></datafield><datafield ind1=" " ind2="7" tag="651"><subfield code="a">Illinois</subfield><subfield code="z">Hoffman Estates.</subfield><subfield code="2">fast</subfield><subfield code="0">(OCoLC)fst01219104</subfield></datafield><datafield ind1=" " ind2="7" tag="651"><subfield code="a">Middle West.</subfield><subfield code="2">fast</subfield><subfield code="0">(OCoLC)fst01240052</subfield></datafield><datafield ind1=" " ind2="7" tag="651"><subfield code="a">Nebraska</subfield><subfield code="z">Omaha.</subfield><subfield code="2">fast</subfield><subfield code="0">(OCoLC)fst01204995</subfield></datafield><datafield ind1=" " ind2="7" tag="655"><subfield code="a">Newspapers.</subfield><subfield code="2">fast</subfield><subfield code="0">(OCoLC)fst01423814</subfield></datafield><datafield ind1=" " ind2=" " tag="752"><subfield code="a">United States</subfield><subfield code="b">Illinois</subfield><subfield code="c">Cook</subfield><subfield code="d">Hoffman Estates.</subfield></datafield><datafield ind1=" " ind2=" " tag="752"><subfield code="a">United States</subfield><subfield code="b">Illinois</subfield><subfield code="c">Cook</subfield><subfield code="d">Elmwood Park.</subfield></datafield><datafield ind1=" " ind2=" " tag="752"><subfield code="a">United States</subfield><subfield code="b">Nebraska</subfield><subfield code="c">Douglas</subfield><subfield code="d">Omaha.</subfield></datafield><datafield ind1="0" ind2="5" tag="780"><subfield code="t">Dansk tidende</subfield><subfield code="g">1952</subfield><subfield code="w">(DLC)sn 83045584</subfield><subfield code="w">(OCoLC)9529530</subfield></datafield><datafield ind1="1" ind2=" " tag="029"><subfield code="a">AU@</subfield><subfield code="b">000020428485</subfield></datafield></record>